
@article{Acton1996,
  title = {Ancillary Data Services of {{NASA}}'s Navigation and {{Ancillary Information Facility}}},
  author = {Acton, Charles H.},
  year = {1996},
  volume = {44},
  pages = {65--70},
  doi = {10.1016/0032-0633(95)00107-7},
  journal = {Planetary and Space Science}
}

@article{Akimov1976,
  title = {Influence of Mesorelief on the Brightness Distribution over a Planetary Disk},
  author = {Akimov, L. A.},
  year = {1976},
  volume = {19},
  pages = {385--388},
  journal = {Soviet Astronomy}
}

@article{Akimov1988,
  title = {Light Reflection by the Moon.},
  author = {Akimov, L. A.},
  year = {1988},
  volume = {4},
  pages = {3--10},
  journal = {Kinematika i Fizika Nebesnykh Tel}
}

@article{Bland2018,
  title = {A {{New Enceladus Global Control Network}}, {{Image Mosaic}}, and {{Updated Pointing Kernels From Cassini}}'s 13-{{Year Mission}}},
  author = {Bland, M. T. and Becker, T. L. and Edmundson, K. L. and Roatsch, Th and Archinal, B. A. and Takir, D. and Patterson, G. W. and Collins, G. C. and Schenk, P. M. and Pappalardo, R. T. and Cook, D. A.},
  year = {2018},
  volume = {5},
  pages = {604--621},
  doi = {10.1029/2018EA000399},
  journal = {Earth and Space Science},
  number = {10}
}

@incollection{Brown2004,
  title = {The {{Cassini Visual}} and {{Infrared Mapping Spectrometer}} ({{VIMS}}) {{Investigation}}},
  booktitle = {The {{Cassini}}-{{Huygens Mission}}},
  author = {Brown, R. H. and Baines, K. H. and Bellucci, G. and Bibring, J.-P. and Buratti, B. J. and Capaccioni, F. and Cerroni, P. and Clark, R. N. and Coradini, A. and Cruikshank, D. P. and Drossart, P. and Formisano, V. and Jaumann, R. and Langevin, Y. and Matson, D. L. and Mccord, T. B. and Mennella, V. and Miller, E. and Nelson, R. M. and Nicholson, P. D. and Sicardy, B. and Sotin, C.},
  year = {2004},
  pages = {111--168},
  publisher = {{Kluwer Academic Publishers}},
  address = {{Dordrecht}},
  doi = {10.1007/1-4020-3874-7_3}
}

@article{Brown2006,
  title = {Composition and {{Physical Properties}} of {{Enceladus}}' {{Surface}}},
  author = {Brown, Robert H. and Clark, Roger N. and Buratti, Bonnie J. and Cruikshank, Dale P. and Barnes, Jason W. and Mastrapa, Rachel M. E. and Bauer, J. and Newman, S. and Momary, T. and Baines, K. H. and Bellucci, G. and Capaccioni, F. and Cerroni, P. and Combes, M. and Coradini, A. and Drossart, P. and Formisano, V. and Jaumann, R. and Langevin, Y. and Matson, D. L. and McCord, T. B. and Nelson, R. M. and Nicholson, P. D. and Sicardy, B. and Sotin, C.},
  year = {2006},
  volume = {311},
  pages = {1425--1428},
  publisher = {{American Association for the Advancement of Science}},
  doi = {10.1126/science.1121031},
  chapter = {Special Reports},
  journal = {Science},
  number = {5766}
}

@article{Buratti1984,
  title = {Voyager Disk Resolved Photometry of the {{Saturnian}} Satellites},
  author = {Buratti, Bonnie J.},
  year = {1984},
  volume = {59},
  pages = {392--405},
  doi = {10.1016/0019-1035(84)90109-X},
  journal = {Icarus},
  number = {3}
}

@article{Buratti1984b,
  title = {Voyager Photometry of {{Rhea}}, {{Dione}}, {{Tethys}}, {{Enceladus}} and {{Mimas}}},
  author = {Buratti, B. and Veverka, J.},
  year = {1984},
  volume = {58},
  pages = {254--264},
  doi = {10.1016/0019-1035(84)90042-3},
  journal = {Icarus},
  number = {2}
}

@article{Buratti1985a,
  title = {Photometry of Rough Planetary Surfaces: {{The}} Role of Multiple Scattering},
  shorttitle = {Photometry of Rough Planetary Surfaces},
  author = {Buratti, Bonnie J. and Veverka, Joseph},
  year = {1985},
  volume = {64},
  pages = {320--328},
  doi = {10.1016/0019-1035(85)90094-6},
  journal = {Icarus},
  number = {2}
}

@article{Choblet2017,
  title = {Powering Prolonged Hydrothermal Activity inside {{Enceladus}}},
  author = {Choblet, Ga{\"e}l and Tobie, Gabriel and Sotin, Christophe and B{\v e}hounkov{\'a}, Marie and {\v C}adek, Ond{\v r}ej and Postberg, Frank and Sou{\v c}ek, Ond{\v r}ej},
  year = {2017},
  volume = {1},
  pages = {841--847},
  publisher = {{Nature Publishing Group}},
  doi = {10.1038/s41550-017-0289-8},
  journal = {Nature Astronomy},
  number = {12}
}

@article{Clark1984,
  title = {Spectral Properties of Ice-Particulate Mixtures and Implications for Remote Sensing: 1. {{Intimate}} Mixtures},
  shorttitle = {Spectral Properties of Ice-Particulate Mixtures and Implications for Remote Sensing},
  author = {Clark, Roger N. and Lucey, Paul G.},
  year = {1984},
  volume = {89},
  pages = {6341--6348},
  doi = {10.1029/JB089iB07p06341},
  journal = {Journal of Geophysical Research: Solid Earth},
  number = {B7}
}

@incollection{Clark2013,
  title = {Observed {{Ices}} in the {{Solar System}}},
  booktitle = {The {{Science}} of {{Solar System Ices}}},
  author = {Clark, Roger N. and Carlson, Robert and Grundy, Will and Noll, Keith},
  editor = {Gudipati, Murthy S. and {Castillo-Rogez}, Julie},
  year = {2013},
  pages = {3--46},
  publisher = {{Springer}},
  address = {{New York, NY}},
  doi = {10.1007/978-1-4614-3076-6_1},
  series = {Astrophysics and {{Space Science Library}}}
}

@techreport{Clark2018,
  title = {The {{VIMS Wavelength}} and {{Radiometric Calibration}} 19, {{Final Report}}},
  author = {Clark, Roger N. and Brown, Robert H. and Lytle, Dyer M. and Hedman, Matt},
  year = {2018},
  pages = {30},
  institution = {{The Planetary Atmospheres Node}},
  journal = {NASA Planetary Data System}
}

@article{Combe2015,
  title = {Reflectance Properties and Hydrated Material Distribution on {{Vesta}}: {{Global}} Investigation of Variations and Their Relationship Using Improved Calibration of {{Dawn VIR}} Mapping Spectrometer},
  shorttitle = {Reflectance Properties and Hydrated Material Distribution on {{Vesta}}},
  author = {Combe, Jean-Philippe and Ammannito, Eleonora and Tosi, Federico and De Sanctis, Maria Cristina and McCord, Thomas B. and Raymond, Carol A. and Russell, Christopher T.},
  year = {2015},
  volume = {259},
  pages = {21--38},
  doi = {10.1016/j.icarus.2015.07.034},
  journal = {Icarus},
  series = {Special {{Issue}}: {{Vesta}}'s {{Surface Composition}}}
}

@article{Combe2019,
  title = {Nature, Distribution and Origin of {{CO2}} on {{Enceladus}}},
  author = {Combe, Jean-Philippe and McCord, Thomas B. and Matson, Dennis L. and Johnson, Torrence V. and Davies, Ashley G. and Scipioni, Francesca and Tosi, Federico},
  year = {2019},
  volume = {317},
  pages = {491--508},
  doi = {10.1016/j.icarus.2018.08.007},
  journal = {Icarus}
}

@article{Crow-Willard2015,
  title = {Structural Mapping of {{Enceladus}} and Implications for Formation of Tectonized Regions},
  author = {Crow-Willard, Emma N. and Pappalardo, Robert T.},
  year = {2015},
  volume = {120},
  pages = {928--950},
  doi = {10.1002/2015JE004818},
  journal = {Journal of Geophysical Research: Planets},
  number = {5}
}

@article{Cruikshank2005,
  title = {A Spectroscopic Study of the Surfaces of {{Saturn}}'s Large Satellites: {{H2O}} Ice, Tholins, and Minor Constituents},
  shorttitle = {A Spectroscopic Study of the Surfaces of {{Saturn}}'s Large Satellites},
  author = {Cruikshank, Dale P. and Owen, Tobias C. and Ore, Cristina Dalle and Geballe, Thomas R. and Roush, Ted L. and {de Bergh}, Catherine and Sandford, Scott A. and Poulet, Francois and Benedix, Gretchen K. and Emery, Joshua P.},
  year = {2005},
  volume = {175},
  pages = {268--283},
  doi = {10.1016/j.icarus.2004.09.003},
  journal = {Icarus},
  number = {1}
}

@article{Dalton2010,
  title = {Chemical {{Composition}} of {{Icy Satellite Surfaces}}},
  author = {Dalton, J. B. and Cruikshank, D. P. and Stephan, K. and McCord, T. B. and Coustenis, A. and Carlson, R. W. and Coradini, A.},
  year = {2010},
  volume = {153},
  pages = {113--154},
  doi = {10.1007/s11214-010-9665-8},
  journal = {Space Science Reviews},
  number = {1}
}

@article{Domingue2016,
  title = {Application of Multiple Photometric Models to Disk-Resolved Measurements of {{Mercury}}'s Surface: {{Insights}} into {{Mercury}}'s Regolith Characteristics},
  shorttitle = {Application of Multiple Photometric Models to Disk-Resolved Measurements of {{Mercury}}'s Surface},
  author = {Domingue, Deborah L. and Denevi, Brett W. and Murchie, Scott L. and Hash, Christopher D.},
  year = {2016},
  volume = {268},
  pages = {172--203},
  doi = {10.1016/j.icarus.2015.11.040},
  journal = {Icarus}
}

@article{Dougherty2006,
  title = {Identification of a {{Dynamic Atmosphere}} at {{Enceladus}} with the {{Cassini Magnetometer}}},
  author = {Dougherty, M. K. and Khurana, K. K. and Neubauer, F. M. and Russell, C. T. and Saur, J. and Leisner, J. S. and Burton, M. E.},
  year = {2006},
  volume = {311},
  pages = {1406--1409},
  publisher = {{American Association for the Advancement of Science}},
  doi = {10.1126/science.1120985},
  chapter = {Special Reports},
  journal = {Science},
  number = {5766}
}

@article{Filacchione2012,
  title = {Saturn's Icy Satellites and Rings Investigated by {{Cassini}}\textendash{{VIMS}}: {{III}} \textendash{} {{Radial}} Compositional Variability},
  shorttitle = {Saturn's Icy Satellites and Rings Investigated by {{Cassini}}\textendash{{VIMS}}},
  author = {Filacchione, G. and Capaccioni, F. and Ciarniello, M. and Clark, R. N. and Cuzzi, J. N. and Nicholson, P. D. and Cruikshank, D. P. and Hedman, M. M. and Buratti, B. J. and Lunine, J. I. and Soderblom, L. A. and Tosi, F. and Cerroni, P. and Brown, R. H. and McCord, T. B. and Jaumann, R. and Stephan, K. and Baines, K. H. and Flamini, E.},
  year = {2012},
  volume = {220},
  pages = {1064--1096},
  doi = {10.1016/j.icarus.2012.06.040},
  journal = {Icarus},
  number = {2}
}

@article{Filacchione2016,
  title = {Saturn's Icy Satellites Investigated by {{Cassini}}-{{VIMS}}. {{IV}}. {{Daytime}} Temperature Maps},
  author = {Filacchione, Gianrico and D'Aversa, Emiliano and Capaccioni, Fabrizio and Clark, Roger N. and Cruikshank, Dale P. and Ciarniello, Mauro and Cerroni, Priscilla and Bellucci, Giancarlo and Brown, Robert H. and Buratti, Bonnie J. and Nicholson, Phillip D. and Jaumann, Ralf and McCord, Thomas B. and Sotin, Christophe and Stephan, Katrin and Dalle Ore, Cristina M.},
  year = {2016},
  volume = {271},
  pages = {292--313},
  doi = {10.1016/j.icarus.2016.02.019},
  journal = {Icarus}
}

@article{Filacchione2018,
  title = {Photometric {{Modeling}} and {{VIS}}-{{IR Albedo Maps}} of {{Dione From Cassini}}-{{VIMS}}},
  author = {Filacchione, G. and Ciarniello, M. and D'Aversa, E. and Capaccioni, F. and Cerroni, P. and Buratti, B. J. and Clark, R. N. and Stephan, K. and Plainaki, C.},
  year = {2018},
  volume = {45},
  pages = {2184--2192},
  doi = {10.1002/2017GL076869},
  journal = {Geophysical Research Letters},
  number = {5}
}

@article{Filacchione2018a,
  title = {Photometric {{Modeling}} and {{VIS}}-{{IR Albedo Maps}} of {{Tethys From Cassini}}-{{VIMS}}},
  author = {Filacchione, G. and Ciarniello, M. and D'Aversa, E. and Capaccioni, F. and Cerroni, P. and Buratti, B. and Clark, R. N. and Stephan, K. and Plainaki, C.},
  year = {2018},
  volume = {45},
  pages = {6400--6407},
  doi = {10.1029/2018GL078602},
  journal = {Geophysical Research Letters},
  number = {13}
}

@article{Fink1975,
  title = {Temperature Dependence of the Water-Ice Spectrum between 1 and 4 Microns: {{Application}} to {{Europa}}, {{Ganymede}} and {{Saturn}}'s Rings},
  shorttitle = {Temperature Dependence of the Water-Ice Spectrum between 1 and 4 Microns},
  author = {Fink, Uwe and Larson, Harold P.},
  year = {1975},
  volume = {24},
  pages = {411--420},
  doi = {10.1016/0019-1035(75)90058-5},
  journal = {Icarus},
  number = {4}
}

@article{Grundy1998,
  title = {The Temperature-Dependent near-Infrared Absorption Spectrum of Hexagonal {{H2O}} Ice},
  author = {Grundy, W. M. and Schmitt, B.},
  year = {1998},
  volume = {103},
  pages = {25809--25822},
  doi = {10.1029/98JE00738},
  journal = {Journal of Geophysical Research: Planets},
  number = {E11}
}

@article{Grundy1999,
  title = {Near-{{Infrared Spectra}} of {{Icy Outer Solar System Surfaces}}: {{Remote Determination}} of {{H2O Ice Temperatures}}},
  shorttitle = {Near-{{Infrared Spectra}} of {{Icy Outer Solar System Surfaces}}},
  author = {Grundy, W. M. and Buie, M. W. and Stansberry, J. A. and Spencer, J. R. and Schmitt, B.},
  year = {1999},
  volume = {142},
  pages = {536--549},
  doi = {10.1006/icar.1999.6216},
  journal = {Icarus},
  number = {2}
}

@article{Hansen2004,
  title = {Amorphous and Crystalline Ice on the {{Galilean}} Satellites: {{A}} Balance between Thermal and Radiolytic Processes},
  shorttitle = {Amorphous and Crystalline Ice on the {{Galilean}} Satellites},
  author = {Hansen, Gary B. and McCord, Thomas B.},
  year = {2004},
  volume = {109},
  doi = {10.1029/2003JE002149},
  journal = {Journal of Geophysical Research: Planets},
  number = {E1}
}

@article{Hansen2006,
  title = {Enceladus' {{Water Vapor Plume}}},
  author = {Hansen, Candice J. and Esposito, L. and Stewart, A. I. F. and Colwell, J. and Hendrix, A. and Pryor, W. and Shemansky, D. and West, R.},
  year = {2006},
  volume = {311},
  pages = {1422--1425},
  publisher = {{American Association for the Advancement of Science}},
  doi = {10.1126/science.1121254},
  chapter = {Special Reports},
  journal = {Science},
  number = {5766}
}

@article{Hapke1963,
  title = {A Theoretical Photometric Function for the Lunar Surface},
  author = {Hapke, Bruce W},
  year = {1963},
  volume = {68},
  pages = {4571--4586},
  doi = {10.1029/JZ068i015p04571},
  journal = {Journal of Geophysical Research},
  number = {15}
}

@article{Hapke1981,
  title = {Bidirectional Reflectance Spectroscopy: 1. {{Theory}}},
  shorttitle = {Bidirectional Reflectance Spectroscopy},
  author = {Hapke, Bruce},
  year = {1981},
  volume = {86},
  pages = {3039--3054},
  doi = {10.1029/JB086iB04p03039},
  journal = {Journal of Geophysical Research: Solid Earth},
  number = {B4}
}

@book{Hapke2012,
  title = {Theory of {{Reflectance}} and {{Emittance Spectroscopy}}},
  author = {Hapke, Bruce},
  year = {2012},
  edition = {Second},
  publisher = {{Cambridge University Press}},
  address = {{Cambridge}},
  doi = {10.1017/CBO9781139025683}
}

@article{Jaumann2008,
  title = {Distribution of Icy Particles across {{Enceladus}}' Surface as Derived from {{Cassini}}-{{VIMS}} Measurements},
  author = {Jaumann, R. and Stephan, K. and Hansen, G. B. and Clark, R. N. and Buratti, B. J. and Brown, R. H. and Baines, K. H. and Newman, S. F. and Bellucci, G. and Filacchione, G. and Coradini, A. and Cruikshank, D. P. and Griffith, C. A. and Hibbitts, C. A. and McCord, T. B. and Nelson, R. M. and Nicholson, P. D. and Sotin, C. and Wagner, R.},
  year = {2008},
  volume = {193},
  pages = {407--419},
  doi = {10.1016/j.icarus.2007.09.013},
  journal = {Icarus},
  number = {2},
  series = {Saturn's {{Icy Satellites}} from {{Cassini}}}
}

@article{Kreslavsky2000,
  title = {Photometric Properties of the Lunar Surface Derived from {{Clementine}} Observations},
  author = {Kreslavsky, M. A. and Shkuratov, Yu. G. and Velikodsky, Yu. I. and Kaydash, V. G. and Stankevich, D. G. and Pieters, C. M.},
  year = {2000},
  volume = {105},
  pages = {20281--20295},
  doi = {10.1029/1999JE001150},
  journal = {Journal of Geophysical Research: Planets},
  number = {E8}
}

@article{LeMouelic2019,
  title = {The {{Cassini VIMS}} Archive of {{Titan}}: {{From}} Browse Products to Global Infrared Color Maps},
  author = {Le Mou{\'e}lic, S. and Cornet, T. and Rodriguez, S. and Sotin, C. and Seignovert, B. and Barnes, J.W. and Brown, R.H. and Baines, K.H. and Buratti, B.J. and Clark, R.N. and Nicholson, P.D. and Lasue, J. and Pasek, V. and Soderblom, J.M.},
  year = {2019},
  volume = {319},
  pages = {121--132},
  doi = {10.1016/j.icarus.2018.09.017},
  archivePrefix = {arXiv},
  eprint = {1809.06545},
  eprinttype = {arxiv},
  journal = {Icarus}
}

@article{Minnaert1941,
  title = {The Reciprocity Principle in Lunar Photometry},
  author = {Minnaert, M.},
  year = {1941},
  volume = {93},
  pages = {403--410},
  doi = {10.1086/144279},
  journal = {The Astrophysical Journal}
}

@article{Newman2008,
  title = {Photometric and Spectral Analysis of the Distribution of Crystalline and Amorphous Ices on {{Enceladus}} as Seen by {{Cassini}}},
  author = {Newman, Sarah F. and Buratti, B. J. and Brown, R. H. and Jaumann, R. and Bauer, J. and Momary, T.},
  year = {2008},
  volume = {193},
  pages = {397--406},
  doi = {10.1016/j.icarus.2007.04.019},
  journal = {Icarus},
  number = {2},
  series = {Saturn's {{Icy Satellites}} from {{Cassini}}}
}

@article{Nicholson2019,
  title = {Occultation Observations of {{Saturn}}'s Rings with {{Cassini VIMS}}},
  author = {Nicholson, P. D. and Ansty, T. and Hedman, M. M. and Creel, D. and Ahlers, J. and Harbison, R. A. and Brown, R. H. and Clark, R. N. and Baines, K. H. and Buratti, B. J. and Sotin, C. and Badman, S. V.},
  year = {2019},
  doi = {10.1016/j.icarus.2019.06.017},
  archivePrefix = {arXiv},
  eprint = {1907.06980},
  eprinttype = {arxiv},
  journal = {Icarus}
}

@article{Oancea2012,
  title = {Laboratory Infrared Reflection Spectrum of Carbon Dioxide Clathrate Hydrates for Astrophysical Remote Sensing Applications},
  author = {Oancea, Adriana and Grasset, Olivier and Le Menn, Erwan and Bollengier, Olivier and Bezacier, Lucile and Le Mou{\'e}lic, St{\'e}phane and Tobie, Gabriel},
  year = {2012},
  volume = {221},
  pages = {900--910},
  doi = {10.1016/j.icarus.2012.09.020},
  journal = {Icarus},
  number = {2}
}

@article{Porco2006,
  title = {Cassini {{Observes}} the {{Active South Pole}} of {{Enceladus}}},
  author = {Porco, C. C. and Helfenstein, P. and Thomas, P. C. and Ingersoll, A. P. and Wisdom, J. and West, R. and Neukum, G. and Denk, T. and Wagner, R. and Roatsch, T. and Kieffer, S. and Turtle, E. and McEwen, A. and Johnson, T. V. and Rathbun, J. and Veverka, J. and Wilson, D. and Perry, J. and Spitale, J. and Brahic, A. and Burns, J. A. and DelGenio, A. D. and Dones, L. and Murray, C. D. and Squyres, S.},
  year = {2006},
  volume = {311},
  pages = {1393--1401},
  publisher = {{American Association for the Advancement of Science}},
  doi = {10.1126/science.1123013},
  chapter = {Special Research Articles},
  journal = {Science},
  number = {5766}
}

@article{Ries2015,
  title = {A Large-Scale Anomaly in {{Enceladus}}' Microwave Emission},
  author = {Ries, Paul A. and Janssen, Michael},
  year = {2015},
  volume = {257},
  pages = {88--102},
  doi = {10.1016/j.icarus.2015.04.030},
  journal = {Icarus}
}

@article{Schenk2011,
  title = {Plasma, Plumes and Rings: {{Saturn}} System Dynamics as Recorded in Global Color Patterns on Its Midsize Icy Satellites},
  shorttitle = {Plasma, Plumes and Rings},
  author = {Schenk, Paul and Hamilton, Douglas P. and Johnson, Robert E. and McKinnon, William B. and Paranicas, Chris and Schmidt, J{\"u}rgen and Showalter, Mark R.},
  year = {2011},
  volume = {211},
  pages = {740--757},
  doi = {10.1016/j.icarus.2010.08.016},
  journal = {Icarus},
  number = {1}
}

@incollection{Schmitt1998,
  title = {Optical {{Properties}} of {{Ices From UV}} to {{Infrared}}},
  booktitle = {Solar {{System Ices}}: {{Based}} on {{Reviews Presented}} at the {{International Symposium}} ``{{Solar System Ices}}'' Held in {{Toulouse}}, {{France}}, on {{March}} 27\textendash 30, 1995},
  author = {Schmitt, B. and Quirico, E. and Trotta, F. and Grundy, W. M.},
  editor = {Schmitt, B. and De Bergh, C. and Festou, M.},
  year = {1998},
  pages = {199--240},
  publisher = {{Springer Netherlands}},
  address = {{Dordrecht}},
  doi = {10.1007/978-94-011-5252-5_9},
  series = {Astrophysics and {{Space Science Library}}}
}

@article{Schroder2013,
  title = {Resolved Photometry of {{Vesta}} Reveals Physical Properties of Crater Regolith},
  author = {Schr{\"o}der, S. E. and Mottola, S. and Keller, H. U. and Raymond, C. A. and Russell, C. T.},
  year = {2013},
  volume = {85},
  pages = {198--213},
  doi = {10.1016/j.pss.2013.06.009},
  journal = {Planetary and Space Science}
}

@article{Schroder2017,
  title = {Resolved Spectrophotometric Properties of the {{Ceres}} Surface from {{Dawn Framing Camera}} Images},
  author = {Schr{\"o}der, S. E. and Mottola, S. and Carsenty, U. and Ciarniello, M. and Jaumann, R. and Li, J. -Y. and Longobardo, A. and Palmer, E. and Pieters, C. and Preusker, F. and Raymond, C. A. and Russell, C. T.},
  year = {2017},
  volume = {288},
  pages = {201--225},
  doi = {10.1016/j.icarus.2017.01.026},
  journal = {Icarus}
}

@article{Scipioni2017,
  title = {Deciphering Sub-Micron Ice Particles on {{Enceladus}} Surface},
  author = {Scipioni, F. and Schenk, P. and Tosi, F. and D'Aversa, E. and Clark, R. and Combe, J. -Ph. and Ore, C. M. Dalle},
  year = {2017},
  volume = {290},
  pages = {183--200},
  doi = {10.1016/j.icarus.2017.02.012},
  journal = {Icarus}
}

@article{Shkuratov1999,
  title = {Opposition {{Effect}} from {{Clementine Data}} and {{Mechanisms}} of {{Backscatter}}},
  author = {Shkuratov, Yu. G. and Kreslavsky, M. A. and Ovcharenko, A. A. and Stankevich, D. G. and Zubko, E. S. and Pieters, C. and Arnold, G.},
  year = {1999},
  volume = {141},
  pages = {132--155},
  doi = {10.1006/icar.1999.6154},
  journal = {Icarus},
  number = {1}
}

@article{Shkuratov2011,
  title = {Optical Measurements of the {{Moon}} as a Tool to Study Its Surface},
  author = {Shkuratov, Y. and Kaydash, V. and Korokhin, V. and Velikodsky, Y. and Opanasenko, N. and Videen, G.},
  year = {2011},
  volume = {59},
  pages = {1326--1371},
  doi = {10.1016/j.pss.2011.06.011},
  journal = {Planetary and Space Science},
  number = {13},
  series = {Exploring {{Phobos}}}
}

@article{Smith1982,
  title = {A {{New Look}} at the {{Saturn System}}: {{The Voyager}} 2 {{Images}}},
  author = {Smith, B A and Soderblom, Laurence A and Batson, R and Bridges, P and Inge, J and Masursky, H and Shoemaker, E and Beebe, R and Boyce, J and Briggs, G and Bunker, A and Collins, S A and Hansen, C J and Johnson, T V and Mitchell, J L and Terrile, R J and Cook, A F and Cuzzi, J and Pollack, J B and Danielson, G E and Ingersoll, A P and Davies, M E and Hunt, G E and Morrison, D and Owen, T and Sagan, Carl and Veverka, J and Strom, R and Suomi, V E},
  year = {1982},
  volume = {215},
  pages = {504--537},
  doi = {10.1126/science.215.4532.504},
  journal = {Science},
  number = {4532}
}

@article{Spahn2006,
  title = {Cassini {{Dust Measurements}} at {{Enceladus}} and {{Implications}} for the {{Origin}} of the {{E Ring}}},
  author = {Spahn, Frank and Schmidt, J{\"u}rgen and Albers, Nicole and H{\"o}rning, Marcel and Makuch, Martin and Sei\ss, Martin and Kempf, Sascha and Srama, Ralf and Dikarev, Valeri and Helfert, Stefan and {Moragas-Klostermeyer}, Georg and Krivov, Alexander V. and Srem{\v c}evi{\'c}, Miodrag and Tuzzolino, Anthony J. and Economou, Thanasis and Gr{\"u}n, Eberhard},
  year = {2006},
  volume = {311},
  pages = {1416--1418},
  publisher = {{American Association for the Advancement of Science}},
  doi = {10.1126/science.1121375},
  chapter = {Special Reports},
  journal = {Science},
  number = {5766}
}

@article{Spencer2006,
  title = {Cassini {{Encounters Enceladus}}: {{Background}} and the {{Discovery}} of a {{South Polar Hot Spot}}},
  shorttitle = {Cassini {{Encounters Enceladus}}},
  author = {Spencer, J. R. and Pearl, J. C. and Segura, M. and Flasar, F. M. and Mamoutkine, A. and Romani, P. and Buratti, B. J. and Hendrix, A. R. and Spilker, L. J. and Lopes, R. M. C.},
  year = {2006},
  volume = {311},
  pages = {1401--1405},
  publisher = {{American Association for the Advancement of Science}},
  doi = {10.1126/science.1121661},
  chapter = {Special Research Articles},
  journal = {Science},
  number = {5766}
}

@article{Squyres1983,
  title = {The Evolution of {{Enceladus}}},
  author = {Squyres, Steven W. and Reynolds, Ray T. and Cassen, Patrick M. and Peale, Stanton J.},
  year = {1983},
  volume = {53},
  pages = {319--331},
  doi = {10.1016/0019-1035(83)90152-5},
  journal = {Icarus},
  number = {2}
}

@article{Taffin2012,
  title = {Temperature and Grain Size Dependence of Near-{{IR}} Spectral Signature of Crystalline Water Ice: {{From}} Lab Experiments to {{Enceladus}}' South Pole},
  shorttitle = {Temperature and Grain Size Dependence of Near-{{IR}} Spectral Signature of Crystalline Water Ice},
  author = {Taffin, C{\'e}cile and Grasset, Olivier and Le Menn, Erwan and Bollengier, Olivier and Giraud, Manuel and Le Mou{\'e}lic, St{\'e}phane},
  year = {2012},
  volume = {61},
  pages = {124--134},
  doi = {10.1016/j.pss.2011.08.015},
  journal = {Planetary and Space Science},
  number = {1},
  series = {Surfaces, Atmospheres and Magnetospheres of the Outer Planets and Their Satellites and Ring Systems: {{Part VII}}}
}

@article{Verbiscer1994,
  title = {A {{Photometric Study}} of {{Enceladus}}},
  author = {Verbiscer, Anne J. and Veverka, Joseph},
  year = {1994},
  volume = {110},
  pages = {155--164},
  doi = {10.1006/icar.1994.1112},
  journal = {Icarus},
  number = {1}
}

@article{Waite2006,
  title = {Cassini {{Ion}} and {{Neutral Mass Spectrometer}}: {{Enceladus Plume Composition}} and {{Structure}}},
  shorttitle = {Cassini {{Ion}} and {{Neutral Mass Spectrometer}}},
  author = {Waite, J. Hunter and Combi, Michael R. and Ip, Wing-Huen and Cravens, Thomas E. and McNutt, Ralph L. and Kasprzak, Wayne and Yelle, Roger and Luhmann, Janet and Niemann, Hasso and Gell, David and Magee, Brian and Fletcher, Greg and Lunine, Jonathan and Tseng, Wei-Ling},
  year = {2006},
  volume = {311},
  pages = {1419--1422},
  publisher = {{American Association for the Advancement of Science}},
  doi = {10.1126/science.1121290},
  chapter = {Special Reports},
  journal = {Science},
  number = {5766}
}


